@inproceedings{Rondon:2008:LT,
 author = {Rondon, Patrick M. and Kawaguci, Ming and Jhala, Ranjit},
 title = {Liquid Types},
 booktitle = {Proceedings of the 29th ACM SIGPLAN Conference on Programming Language Design and Implementation},
 series = {PLDI '08},
 year = {2008},
 isbn = {978-1-59593-860-2},
 location = {Tucson, AZ, USA},
 pages = {159--169},
 numpages = {11},
 url = {http://doi.acm.org/10.1145/1375581.1375602},
 doi = {10.1145/1375581.1375602},
 acmid = {1375602},
 publisher = {ACM},
 address = {New York, NY, USA},
 keywords = {dependent types, hindley-milner, predicate abstraction, type inference},
}

@inproceedings{Xi:1998:EAB,
 author = {Xi, Hongwei and Pfenning, Frank},
 title = {Eliminating Array Bound Checking Through Dependent Types},
 booktitle = {Proceedings of the ACM SIGPLAN 1998 Conference on Programming Language Design and Implementation},
 series = {PLDI '98},
 year = {1998},
 isbn = {0-89791-987-4},
 location = {Montreal, Quebec, Canada},
 pages = {249--257},
 numpages = {9},
 url = {http://doi.acm.org/10.1145/277650.277732},
 doi = {10.1145/277650.277732},
 acmid = {277732},
 publisher = {ACM},
 address = {New York, NY, USA},
}

@article{Xi:1998,
	author = {Xi, Hongwei and Pfenning, Frank},
	title = {Eliminating Array Bound Checking Through Dependent Types},
	journal = {SIGPLAN Not.},
	issue_date = {May 1998},
	volume = {33},
	number = {5},
	month = may,
	year = {1998},
	issn = {0362-1340},
	pages = {249--257},
	numpages = {9},
	url = {http://doi.acm.org/10.1145/277652.277732},
	doi = {10.1145/277652.277732},
	acmid = {277732},
	publisher = {ACM},
	address = {New York, NY, USA},
}

@phdthesis{XiPhd:1998,
 author = {Xi, Hongwei},
 title = {Dependent Types in Practical Programming},
 year = {1998},
 isbn = {0-599-17233-9},
 note = {AAI9918624},
 publisher = {Carnegie Mellon University},
 address = {Pittsburgh, PA, USA},
}

@INPROCEEDINGS{Hofmann97syntaxand,
	author = {Martin Hofmann},
	title = {Syntax and Semantics of Dependent Types},
	booktitle = {Semantics and Logics of Computation},
	year = {1997},
	pages = {79--130},
	publisher = {Cambridge University Press}
}

@article{Gupta:1993,
 author = {Gupta, Rajiv},
 title = {Optimizing Array Bound Checks Using Flow Analysis},
 journal = {ACM Lett. Program. Lang. Syst.},
 issue_date = {March\&\#8211;Dec. 1993},
 volume = {2},
 number = {1-4},
 month = mar,
 year = {1993},
 issn = {1057-4514},
 pages = {135--150},
 numpages = {16},
 url = {http://doi.acm.org/10.1145/176454.176507},
 doi = {10.1145/176454.176507},
 acmid = {176507},
 publisher = {ACM},
 address = {New York, NY, USA},
 keywords = {available checks, check hoisting, dataflow analysis, very busy checks},
}

@inproceedings{Suzuki:1977,
 author = {Suzuki, Norihisa and Ishihata, Kiyoshi},
 title = {Implementation of an Array Bound Checker},
 booktitle = {Proceedings of the 4th ACM SIGACT-SIGPLAN Symposium on Principles of Programming Languages},
 series = {POPL '77},
 year = {1977},
 location = {Los Angeles, California},
 pages = {132--143},
 numpages = {12},
 url = {http://doi.acm.org/10.1145/512950.512963},
 doi = {10.1145/512950.512963},
 acmid = {512963},
 publisher = {ACM},
 address = {New York, NY, USA},
}

@inproceedings{Vazou:ICFP:2014,
  author    = {{Niki} Vazou and
               {Eric L.} Seidel and
               {Ranjit} Jhala and
               {Dimitros} Vytionitis and
               {Simon} Peyton-Jones},
  title     = {Refinement {T}ypes {F}or {H}askell},
  booktitle = {19th ACM SIGPLAN International Conference on Functional
               Programming, Gothenburg, Sweden, September 1-13, 2014},
  pages     = {269--282},
  year      = {2014},
  crossref  = {DBLP:conf/icfp/ICFP16},
  doi       = {10.1109/SFCS.1975.23},
}

